
@ARTICLE{GrandjeanSchwentick2002,
author={Grandjean, E. and Schwentick, T.},
title={Machine-independent characterizations and complete problems for deterministic linear time},
journal={SIAM Journal on Computing},
year={2003},
volume={32},
number={1},
pages={196-230},
doi={10.1137/S0097539799360240},
note={cited By 8},
url={https://www.scopus.com/inward/record.uri?eid=2-s2.0-0037605739&partnerID=40&md5=bcc9d838c2aa04d04fac2e0129ba3182},
document_type={Article},
source={Scopus},
}

@Inbook{Leivant1995,
	author="Leivant, Daniel",
	editor="Clote, Peter
	and Remmel, Jeffrey B.",
	chapter="Ramified Recurrence and Computational Complexity I: Word Recurrence and Poly-time",
	title="Feasible Mathematics II",
	year="1995",
	publisher="Birkh{\"a}user Boston",
	address="Boston, MA",
	pages="320--343",
	isbn="978-1-4612-2566-9",
	doi="10.1007/978-1-4612-2566-9_11",
	url="http://dx.doi.org/10.1007/978-1-4612-2566-9_11"
}


@inproceedings{LeivantMarion2013,
	author    = {Daniel Leivant and
	Jean{-}Yves Marion},
	title     = {Evolving Graph-Structures and Their Implicit Computational Complexity},
	booktitle = {Automata, Languages, and Programming - 40th International Colloquium,
	{ICALP} 2013, Riga, Latvia, July 8-12, 2013, Proceedings, Part {II}},
	pages     = {349--360},
	year      = {2013},
	crossref  = {DBLP:conf/icalp/2013-2},
	url       = {http://dx.doi.org/10.1007/978-3-642-39212-2_32},
	doi       = {10.1007/978-3-642-39212-2_32},
	timestamp = {Tue, 09 Jul 2013 08:43:29 +0200},
	biburl    = {http://dblp.uni-trier.de/rec/bib/conf/icalp/LeivantM13},
	bibsource = {dblp computer science bibliography, http://dblp.org}
}


@inproceedings{Schwentick1997,
	author = {Schwentick, Thomas},
	title = {Algebraic and Logical Characterizations of Deterministic Linear Time Classes},
	booktitle = {Proceedings of the 14th Annual Symposium on Theoretical Aspects of Computer Science},
	series = {STACS '97},
	year = {1997},
	isbn = {3-540-62616-6},
	pages = {463--474},
	numpages = {12},
	url = {http://dl.acm.org/citation.cfm?id=646512.759231},
	acmid = {759231},
	publisher = {Springer-Verlag},
	address = {London, UK, UK},
} 


@inproceedings{Gurevich1993,
	title={On Kolmogorov Machines and Related Issues},
	author={Yuri Gurevich},
	booktitle={WSSCS},
	year={1993}
}


@Article{Grandjean1994,
	author="Grandjean, Etienne",
	title="Invariance properties of RAMS and linear time",
	journal="Computational Complexity",
	year="1994",
	volume="4",
	number="1",
	pages="62--106",
	abstract="An operation on integers isLTTC if it is computable in linear time on a Turing machine (using the dyadic or binary representation of integers). AnLTTC-RAM (respectivelyI-RAM) is a RAM which only uses LTTC operations (respectively operations in the setI).",
	issn="1420-8954",
	doi="10.1007/BF01205055",
	url="http://dx.doi.org/10.1007/BF01205055"
}

@Article{BellantoniCook1992,
	author="Bellantoni, Stephen
	and Cook, Stephen",
	title="A new recursion-theoretic characterization of the polytime functions",
	journal="Computational Complexity",
	year="1992",
	volume="2",
	number="2",
	pages="97--110",
	abstract="We give a recursion-theoretic characterization of FP which describes polynomial time computation independently of any externally imposed resource bounds. In particular, this syntactic characterization avoids the explicit size bounds on recursion (and the initial function 2|x|{\textperiodcentered}|y|) of Cobham.",
	issn="1420-8954",
	doi="10.1007/BF01201998",
	url="http://dx.doi.org/10.1007/BF01201998"
}


